<record xmlns="http://www.loc.gov/MARC21/slim" xmlns:xsi="http://www.w3.org/2001/XMLSchema-instance" xsi:schemaLocation="http://www.loc.gov/MARC21/slim http://www.loc.gov/standards/marcxml/schema/MARC21slim.xsd"><leader>00674cz   2200157n  4500</leader><controlfield tag="001">oca05021503 </controlfield><controlfield tag="003">OCoLC</controlfield><controlfield tag="005">20051019121502.0</controlfield><controlfield tag="008">990707n| acannaab           |n aaa     c</controlfield><datafield ind1=" " ind2=" " tag="010"><subfield code="a">no 99047973 </subfield></datafield><datafield ind1=" " ind2=" " tag="035"><subfield code="a">(OCoLC)oca05021503</subfield></datafield><datafield ind1=" " ind2=" " tag="040"><subfield code="a">WU</subfield><subfield code="c">WU</subfield></datafield><datafield ind1=" " ind2="0" tag="053"><subfield code="a">PA8395.O3</subfield></datafield><datafield ind1="0" ind2="0" tag="100"><subfield code="a">Odo,</subfield><subfield code="c">Saint, Abbot of Cluny,</subfield><subfield code="d">ca. 879-942</subfield></datafield><datafield ind1=" " ind2=" " tag="670"><subfield code="a">Zeisiger, M. Leben und Wirken des Abtes Odo von Cluni, 1892:</subfield><subfield code="b">cover (Abtes Odo von Cluni)</subfield></datafield><datafield ind1=" " ind2=" " tag="670"><subfield code="a">Webster's new biographical dictionary, 1983:</subfield><subfield code="b">(Odo of Cluny. Saint. c. 879-942; French abbot; elected abbot of Cluny (927); granted privilege of exemption; authorized reform of monasteries of Gaul and Italy by Pope John XI (931))</subfield></datafield></record>